<record><leader>00000cas a22000007a 4500</leader><controlfield tag="001">10631612</controlfield><controlfield tag="008">840416c19749999okuwr ne      0   a0eng d</controlfield><datafield ind1=" " ind2=" " tag="010"><subfield code="a">sn 84007740 </subfield></datafield><datafield ind1=" " ind2=" " tag="040"><subfield code="a">NSD</subfield><subfield code="b">eng</subfield><subfield code="c">NSD</subfield><subfield code="d">OBN</subfield><subfield code="d">OCL</subfield><subfield code="d">OCLCQ</subfield><subfield code="d">OCLCF</subfield><subfield code="d">OCLCO</subfield></datafield><datafield ind1=" " ind2=" " tag="012"><subfield code="m">1</subfield></datafield><datafield ind1="1" ind2=" " tag="022"><subfield code="a">0747-2056</subfield><subfield code="l">0747-2056</subfield><subfield code="2">1</subfield></datafield><datafield ind1="1" ind2=" " tag="029"><subfield code="a">AU@</subfield><subfield code="b">000020430562</subfield></datafield><datafield ind1=" " ind2=" " tag="032"><subfield code="a">437840</subfield><subfield code="b">USPS</subfield></datafield><datafield ind1=" " ind2=" " tag="042"><subfield code="a">nsdp</subfield></datafield><datafield ind1=" " ind2=" " tag="043"><subfield code="a">n-us-ok</subfield></datafield><datafield ind1=" " ind2="4" tag="222"><subfield code="a">The Pond Creek herald and the Valley news</subfield></datafield><datafield ind1="0" ind2="4" tag="245"><subfield code="a">The Pond Creek herald and the Valley news.</subfield></datafield><datafield ind1="1" ind2="7" tag="246"><subfield code="a">Pond Creek herald</subfield></datafield><datafield ind1=" " ind2=" " tag="260"><subfield code="a">Pond Creek, Okla. :</subfield><subfield code="b">L.O. and N. Sills</subfield></datafield><datafield ind1=" " ind2=" " tag="300"><subfield code="a">v.</subfield></datafield><datafield ind1=" " ind2=" " tag="310"><subfield code="a">Weekly</subfield></datafield><datafield ind1="0" ind2=" " tag="362"><subfield code="a">Vol. 78, no. 36 (Aug. 1, 1974)-</subfield></datafield><datafield ind1=" " ind2=" " tag="500"><subfield code="a">"Serving ... Pond Creek, Jefferson, Lamont, Nash, Hunter, Kremilin communities."</subfield></datafield><datafield ind1=" " ind2=" " tag="580"><subfield code="a">Formed by the union of: Valley news; Nash news, and Pond Creek herald.</subfield></datafield><datafield ind1=" " ind2="0" tag="651"><subfield code="a">Pond Creek (Okla.)</subfield><subfield code="v">Newspapers.</subfield></datafield><datafield ind1=" " ind2="0" tag="651"><subfield code="a">Grant County (Okla.)</subfield><subfield code="v">Newspapers.</subfield></datafield><datafield ind1=" " ind2="7" tag="655"><subfield code="a">Newspapers.</subfield><subfield code="2">fast</subfield><subfield code="0">(OCoLC)fst01423814</subfield></datafield><datafield ind1=" " ind2="7" tag="651"><subfield code="a">Oklahoma</subfield><subfield code="z">Grant County.</subfield><subfield code="2">fast</subfield><subfield code="0">(OCoLC)fst01215793</subfield></datafield><datafield ind1=" " ind2="7" tag="651"><subfield code="a">Oklahoma</subfield><subfield code="z">Pond Creek.</subfield><subfield code="2">fast</subfield><subfield code="0">(OCoLC)fst01865491</subfield></datafield><datafield ind1=" " ind2=" " tag="752"><subfield code="a">United States</subfield><subfield code="b">Oklahoma</subfield><subfield code="c">Grant</subfield><subfield code="d">Pond Creek.</subfield></datafield><datafield ind1="1" ind2="4" tag="780"><subfield code="t">Pond Creek herald</subfield><subfield code="w">(DLC)sn 94058960</subfield><subfield code="w">(OCoLC)31024497</subfield></datafield><datafield ind1="1" ind2="4" tag="780"><subfield code="t">Valley news</subfield><subfield code="w">(DLC)sn 94058954</subfield><subfield code="w">(OCoLC)31020642</subfield></datafield><datafield ind1="1" ind2="4" tag="780"><subfield code="t">Nash news</subfield><subfield code="w">(DLC)sn 86064107</subfield><subfield code="w">(OCoLC)13663963</subfield></datafield></record>